<record><leader>00000cas a22000007a 4500</leader><controlfield tag="001">10545890</controlfield><controlfield tag="008">840321c191u9999deuwr ne      0   a0eng d</controlfield><datafield ind1=" " ind2=" " tag="010"><subfield code="a">sn 84007800 </subfield></datafield><datafield ind1=" " ind2=" " tag="040"><subfield code="a">NSD</subfield><subfield code="b">eng</subfield><subfield code="c">NSD</subfield><subfield code="d">DEX</subfield><subfield code="d">OCLCQ</subfield></datafield><datafield ind1=" " ind2=" " tag="012"><subfield code="m">1</subfield></datafield><datafield ind1="1" ind2=" " tag="022"><subfield code="a">0747-0975</subfield><subfield code="l">0747-0975</subfield><subfield code="2">1</subfield></datafield><datafield ind1=" " ind2=" " tag="032"><subfield code="a">235940</subfield><subfield code="b">USPS</subfield></datafield><datafield ind1=" " ind2=" " tag="037"><subfield code="b">The Harrington Journal, P.O. Box 239, 19 Commerce St., Harrington, DE 19952</subfield></datafield><datafield ind1=" " ind2=" " tag="042"><subfield code="a">nsdp</subfield></datafield><datafield ind1=" " ind2="4" tag="222"><subfield code="a">The Harrington journal</subfield></datafield><datafield ind1="0" ind2="4" tag="245"><subfield code="a">The Harrington journal.</subfield></datafield><datafield ind1=" " ind2=" " tag="260"><subfield code="a">Harrington, Del. :</subfield><subfield code="b">J. Harvey Burgess</subfield></datafield><datafield ind1=" " ind2=" " tag="310"><subfield code="a">Weekly</subfield></datafield><datafield ind1=" " ind2=" " tag="588"><subfield code="a">Description based on: 33rd year, no. 33 (Jan. 21, 1949).</subfield></datafield><datafield ind1=" " ind2=" " tag="752"><subfield code="a">United States</subfield><subfield code="b">Delaware</subfield><subfield code="c">Kent</subfield><subfield code="d">Harrington.</subfield></datafield><datafield ind1=" " ind2=" " tag="936"><subfield code="a">Mar. 14, 1984</subfield></datafield><datafield ind1="1" ind2=" " tag="029"><subfield code="a">AU@</subfield><subfield code="b">000025815139</subfield></datafield></record>